
@article{Xavier2014AClusters,
    title = {{A performance comparison of container-based virtualization systems for MapReduce clusters}},
    year = {2014},
    journal = {Proceedings - 2014 22nd Euromicro International Conference on Parallel, Distributed, and Network-Based Processing, PDP 2014},
    author = {Xavier, Miguel Gomes and Neves, Marcelo Veiga and Rose, Cesar Augusto Fonticielha De},
    pages = {299--306},
    isbn = {978-1-4799-2729-6},
    doi = {10.1109/PDP.2014.78},
    issn = {1066-6192},
    keywords = {Container-based virtualization, High performance computing, MapReduce}
}