@article{Xavier2014AClusters,
    title = {{A performance comparison of container-based virtualization systems for MapReduce clusters}},
    year = {2014},
    journal = {Proceedings - 2014 22nd Euromicro International Conference on Parallel, Distributed, and Network-Based Processing, PDP 2014},
    author = {Xavier, Miguel Gomes and Neves, Marcelo Veiga and Rose, Cesar Augusto Fonticielha De},
    pages = {299--306},
    isbn = {978-1-4799-2729-6},
    doi = {10.1109/PDP.2014.78},
    issn = {1066-6192},
    keywords = {Container-based virtualization, High performance computing, MapReduce}
}

@article{Xavier2015AClouds,
    title = {{A performance isolation analysis of disk-intensive workloads on container-based clouds}},
    year = {2015},
    journal = {Proceedings - 23rd Euromicro International Conference on Parallel, Distributed, and Network-Based Processing, PDP 2015},
    author = {Xavier, Miguel G. and De Oliveira, Israel C. and Rossi, Fabio D. and Dos Passos, Robson D. and Matteussi, Kassiano J. and De Rose, Cesar A.F.},
    number = {February},
    pages = {253--260},
    isbn = {9781479984909},
    doi = {10.1109/PDP.2015.67},
    issn = {1066-6192},
    keywords = {Cloud computing, Container-based virtualization, Disk-intensive workload, Performance isolation}
}

@article{AMDVirtualisierungstechnologie,
    title = {{AMD Virtualisierungstechnologie}},
    number = {Vm},
    pages = {2018}
}

@misc{EngineBasicsKonzepte,
    title = {{Basics und Konzepte}},
    author = {Engine, Container and Systems, Operating and Infrastruktur, Virtuelle and Infrastruktur, Physikalische}
}

@incollection{Glatz2015Betriebssysteme,
    title = {{Betriebssysteme}},
    year = {2015},
    booktitle = {Betriebssysteme},
    author = {Glatz, Eduard},
    pages = {650--651},
    isbn = {978-3-86490-222-2}
}

@article{Heo2015ControlV2,
    title = {{Control Group v2}},
    year = {2015},
    author = {Heo, Tejun},
    url = {https://www.kernel.org/doc/Documentation/cgroup-v2.txt}
}

@misc{ControlDocumentation,
    title = {{Control Group v2 â€” The Linux Kernel documentation}},
    url = {https://www.kernel.org/doc/html/latest/admin-guide/cgroup-v2.html}
}

@article{Go-to2018ESXi,
    title = {{ESXi}},
    year = {2018},
    author = {Go-to, Your}
}

@article{Popek1974FormalArchitectures,
    title = {{Formal requirements for virtualizable third generation architectures}},
    year = {1974},
    journal = {Communications of the ACM},
    author = {Popek, Gerald J. and Goldberg, Robert P.},
    number = {7},
    pages = {412--421},
    volume = {17},
    url = {http://portal.acm.org/citation.cfm?doid=361011.361073},
    isbn = {00010782},
    doi = {10.1145/361011.361073},
    issn = {00010782}
}

@misc{Hypervisor,
    title = {{hypervisor}}
}

@misc{IndexKernel.org,
    title = {{index @ kernel.org}},
    url = {https://www.kernel.org/doc/html/latest/admin-guide/cgroup-v2.html}
}

@misc{IndexLinuxcontainers.Org,
    title = {{Index @ Linuxcontainers.Org}},
    url = {https://linuxcontainers.org/}
}

@misc{IndexOpenvz.org,
    title = {{index @ openvz.org}},
    url = {https://openvz.org/}
}

@article{TechnologyIntel,
    title = {{Intel {\textregistered} Virtualization Technology ( Intel {\textregistered} VT )}},
    author = {Technology, Virtualization and Technology, Virtualization and Technology, Virtualization and Technology, Virtualization and Technology, Virtualization}
}

@article{Overview2018PaperLinux-VServer,
    title = {{Paper - Linux-VServer}},
    year = {2018},
    author = {Overview, About and News, Paper and Donations, Developers}
}

@incollection{Liebel2017SkalierbareContainer-Infrastrukturen,
    title = {{Skalierbare Container-Infrastrukturen}},
    year = {2017},
    booktitle = {Skalierbare Container-Infrastrukturen},
    author = {Liebel, Oliver},
    pages = {68--70},
    isbn = {978-3-8362-4366-7}
}

@book{Meinel2011VirtualisierungMarktubersicht,
    title = {{Virtualisierung und Cloud Computing: Konzepte, Technologiestudie, Markt{\"{u}}bersicht}},
    year = {2011},
    author = {Meinel, Christoph and Willems, Christian and Roschke, Sebastian and Schnjakin, Maxim},
    number = {44},
    pages = {1--69},
    url = {https://publishup.uni-potsdam.de/files/4808/tbhpi44.pdf},
    isbn = {978-3-86956-113-4},
    keywords = {Anwendungsvirtualisierung, Cloud Computing, Markt{\"{u}}bersicht, Virtual Deskto, Virtualisierung, application virtualization, cloud computing, market study, virtual desktop infrastructure, virtualization}
}

@misc{VPC-Hyper-VNotes,
    title = {{VPC-Hyper-V Notes}},
    url = {http://johnny.adash.org/Training247/HyperV_notes.htm}
}